@ARTICLE{Ok:2013,
   author = {{Ok}, A.~O.},
    title = "{Automated detection of buildings from single VHR multispectral images using shadow information and graph cuts}",
  journal = {ISPRS Journal of Photogrammetry and Remote Sensing, Volume 86, p.~21-40.},
     year = 2013,
    month = dec,
   volume = 86,
    pages = {21-40},
      doi = {10.1016/j.isprsjprs.2013.09.004},
   adsurl = {http://adsabs.harvard.edu/abs/2013JPRS...86...21O},
  adsnote = {Provided by the SAO/NASA Astrophysics Data System}
}

@article{Rother:2004,
 author = {Rother, Carsten and Kolmogorov, Vladimir and Blake, Andrew},
 title = {"GrabCut": Interactive Foreground Extraction Using Iterated Graph Cuts},
 journal = {ACM Trans. Graph.},
 issue_date = {August 2004},
 volume = {23},
 number = {3},
 month = aug,
 year = {2004},
 issn = {0730-0301},
 pages = {309--314},
 numpages = {6},
 url = {http://doi.acm.org/10.1145/1015706.1015720},
 doi = {10.1145/1015706.1015720},
 acmid = {1015720},
 publisher = {ACM},
 address = {New York, NY, USA},
 keywords = {Alpha Matting, Foreground extraction, Graph Cuts, Image Editing, Interactive Image Segmentation},
} 
